<?xml version="1.0" encoding="UTF-8"?><collection xmlns="http://www.loc.gov/MARC21/slim"><record><leader>00678nam--2200193-i-4500</leader><controlfield tag="001">000013197</controlfield><controlfield tag="002">20161230</controlfield><controlfield tag="005">20161230201030</controlfield><controlfield tag="008">060222s1000------------r-----000-0-eng-d</controlfield><datafield ind1=" " ind2=" " tag="040"><subfield code="a">IFIN-HH</subfield></datafield><datafield ind1=" " ind2=" " tag="080"><subfield code="a">539.12(083.4)</subfield></datafield><datafield ind1="1" ind2=" " tag="100"><subfield code="a">Behrens, H</subfield></datafield><datafield ind1="1" ind2="0" tag="245"><subfield code="a">Zaed compilation of coupling constants and low-energy parameters. 1978 editions. reprinted from nuclear physics b 147 (1979)189-276</subfield><subfield code="c">H. behrens, g. ebel (eds.)</subfield></datafield><datafield ind1=" " ind2=" " tag="260"><subfield code="a">Eggenstein-leopoldshaften</subfield><subfield code="b">Zentralstelle Fur Atomkernenergie-dokumentation</subfield><subfield code="c">1979</subfield></datafield><datafield ind1=" " ind2=" " tag="300"><subfield code="a">/189-276/P</subfield></datafield><datafield ind1=" " ind2=" " tag="490"><subfield code="a">Physics Daten Physics Data 4-2 1979</subfield></datafield><datafield ind1="1" ind2=" " tag="700"><subfield code="a">Ebel, G</subfield><subfield code="e">Ed</subfield></datafield><datafield ind1=" " ind2=" " tag="852"><subfield code="a">47445</subfield><subfield code="c">53.081</subfield></datafield><datafield ind1=" " ind2=" " tag="CAT"><subfield code="a">Sys</subfield><subfield code="c">20160404</subfield><subfield code="h">152846</subfield></datafield></record></collection>